@Article{Feynman1986,
author="Feynman, Richard P.",
title="Quantum mechanical computers",
journal="Foundations of Physics",
year="1986",
month="Jun",
day="01",
volume="16",
number="6",
pages="507--531",
abstract="The physical limitations, due to quantum mechanics, on the functioning of computers are analyzed.",
issn="1572-9516",
doi="10.1007/BF01886518",
url="https://doi.org/10.1007/BF01886518"
}

@ARTICLE{2016arXiv161208091S,
       author = {{Steiger}, Damian S. and {H{\"a}ner}, Thomas and {Troyer}, Matthias},
        title = "{ProjectQ: An Open Source Software Framework for Quantum Computing}",
      journal = {arXiv e-prints},
     keywords = {Quantum Physics, Computer Science - Emerging Technologies, Computer Science - Programming Languages},
         year = "2016",
        month = "Dec",
          eid = {arXiv:1612.08091},
        pages = {arXiv:1612.08091},
archivePrefix = {arXiv},
       eprint = {1612.08091},
 primaryClass = {quant-ph},
       adsurl = {https://ui.adsabs.harvard.edu/\#abs/2016arXiv161208091S},
      adsnote = {Provided by the SAO/NASA Astrophysics Data System}
}



@book{bhatia2013matrix,
  title={Matrix analysis},
  author={Bhatia, Rajendra},
  volume={169},
  year={2013},
  publisher={Springer Science \& Business Media}
}


@article{deutsch1989quantum,
  title={Quantum computational networks},
  author={Deutsch, David Elieser},
  journal={Proc. R. Soc. Lond. A},
  volume={425},
  number={1868},
  pages={73--90},
  year={1989},
  publisher={The Royal Society}
}

@ARTICLE{2017Natur.549...70R,
   author = {{Ren}, J.-G. and {Xu}, P. and {Yong}, H.-L. and {Zhang}, L. and
  {Liao}, S.-K. and {Yin}, J. and {Liu}, W.-Y. and {Cai}, W.-Q. and
  {Yang}, M. and {Li}, L. and {Yang}, K.-X. and {Han}, X. and
  {Yao}, Y.-Q. and {Li}, J. and {Wu}, H.-Y. and {Wan}, S. and
  {Liu}, L. and {Liu}, D.-Q. and {Kuang}, Y.-W. and {He}, Z.-P. and
  {Shang}, P. and {Guo}, C. and {Zheng}, R.-H. and {Tian}, K. and
  {Zhu}, Z.-C. and {Liu}, N.-L. and {Lu}, C.-Y. and {Shu}, R. and
  {Chen}, Y.-A. and {Peng}, C.-Z. and {Wang}, J.-Y. and {Pan}, J.-W.
  },
    title = "{Ground-to-satellite quantum teleportation}",
  journal = {Nature},
archivePrefix = "arXiv",
   eprint = {1707.00934},
 primaryClass = "quant-ph",
     year = 2017,
    month = sep,
   volume = 549,
    pages = {70-73},
      doi = {10.1038/nature23675},
   adsurl = {http://adsabs.harvard.edu/abs/2017Natur.549...70R},
  adsnote = {Provided by the SAO/NASA Astrophysics Data System}
}

 @book{
        book:145343,
        resid = {145343},
        status =    {OK},
        year={1995},
        title =      {A course in abstract harmonic analysis},
        author =      {Gerald B. Folland},
        size =    {1803427},
        type =   {djvu},
        isbn = {},
        edition = {},
        volume =    {},
        publisher={CRC Press BOCA. Raton, Florida},
        md5 = {7710f3b50e81b5aafed23920b2d5218a},
        url =       {}
    }

@Article{Born1928,
author="Born, M.
and Fock, V.",
title="Beweis des Adiabatensatzes",
journal="Zeitschrift f{\"u}r Physik",
year="1928",
month="Mar",
day="01",
volume="51",
number="3",
pages="165--180",
abstract="Der Adiabatensatz in der neuen Quantenmechanik wird f{\"u}r den Fall des Punktspektrums in mathematisch strenger Weise bewiesen, wobei er sich auch bei einer vor{\"u}bergehenden Entartung des mechanischen Systems als g{\"u}ltig erweist.",
issn="0044-3328",
doi="10.1007/BF01343193",
url="https://doi.org/10.1007/BF01343193"
}

@article{cosasOrden,
author={Diane Meuser},
title={Number Theory Lecture Notes. Square Roots of One (mod m)},
year={2016},
url={http://math.bu.edu/people/dmm/341/Handouts/sqrts-one-modm.pdf}
}

@ARTICLE{2011arXiv1107.0794D,
   author = {{de Falco}, D. and {Tamascelli}, D.},
    title = "{An introduction to quantum annealing}",
  journal = {ArXiv e-prints},
archivePrefix = "arXiv",
   eprint = {1107.0794},
 primaryClass = "quant-ph",
 keywords = {Quantum Physics},
     year = 2011,
    month = jul,
   adsurl = {http://adsabs.harvard.edu/abs/2011arXiv1107.0794D},
  adsnote = {Provided by the SAO/NASA Astrophysics Data System}
}




@ARTICLE{2014NaPho...8..775B,
   author = {{Bussi{\`e}res}, F. and {Clausen}, C. and {Tiranov}, A. and
  {Korzh}, B. and {Verma}, V.~B. and {Nam}, S.~W. and {Marsili}, F. and
  {Ferrier}, A. and {Goldner}, P. and {Herrmann}, H. and {Silberhorn}, C. and
  {Sohler}, W. and {Afzelius}, M. and {Gisin}, N.},
    title = "{Quantum teleportation from a telecom-wavelength photon to a solid-state quantum memory}",
  journal = {Nature Photonics},
archivePrefix = "arXiv",
   eprint = {1401.6958},
 primaryClass = "quant-ph",
     year = 2014,
    month = oct,
   volume = 8,
    pages = {775-778},
      doi = {10.1038/nphoton.2014.215},
   adsurl = {http://adsabs.harvard.edu/abs/2014NaPho...8..775B},
  adsnote = {Provided by the SAO/NASA Astrophysics Data System}
}

@article{postus,
  title={Supplementary Notes on Dirac Notation, Quantum States, etc.},
  author={Robert L. Jaffe},
  year={1996},
  url={\href{Link}{http://web.mit.edu/8.05/handouts/jaffe1.pdf}}
}

@ARTICLE{2012Natur.488..185Y,
   author = {{Yin}, J. and {Ren}, J.-G. and {Lu}, H. and {Cao}, Y. and {Yong}, H.-L. and
  {Wu}, Y.-P. and {Liu}, C. and {Liao}, S.-K. and {Zhou}, F. and
  {Jiang}, Y. and {Cai}, X.-D. and {Xu}, P. and {Pan}, G.-S. and
  {Jia}, J.-J. and {Huang}, Y.-M. and {Yin}, H. and {Wang}, J.-Y. and
  {Chen}, Y.-A. and {Peng}, C.-Z. and {Pan}, J.-W.},
    title = "{Quantum teleportation and entanglement distribution over 100-kilometre free-space channels}",
  journal = {Nature},
archivePrefix = "arXiv",
   eprint = {1205.2024},
 primaryClass = "quant-ph",
     year = 2012,
    month = aug,
   volume = 488,
    pages = {185-188},
      doi = {10.1038/nature11332},
   adsurl = {http://adsabs.harvard.edu/abs/2012Natur.488..185Y},
  adsnote = {Provided by the SAO/NASA Astrophysics Data System}
}


@MISC{Bennett93teleportingan,
    author = {Charles H. Bennett and Gilles Brassard and Claude Cr√©peau and Richard Jozsa and Asher Peres and William K. Wootters},
    title = {Teleporting an Unknown Quantum State via Dual Classical and EPR Channels},
    year = {1993}
}

@book{kreyszig1978introductory,
  title={Introductory functional analysis with applications},
  author={Kreyszig, Erwin},
  volume={1},
  year={1978},
  publisher={wiley New York}
}

@book{feynman1965lectures,
  title={Lectures on Physics, vol. III},
  author={Feynman, Richard P and Leighton, Robert B and Sands, Matthew},
  year={1965},
  publisher={Addison-Wesley Reading, MA}
}

@article{church1936unsolvable,
  title={An unsolvable problem of elementary number theory},
  author={Church, Alonzo},
  journal={American journal of mathematics},
  volume={58},
  number={2},
  pages={345--363},
  year={1936},
  publisher={JSTOR}
}

@article{turing1937computable,
  title={On computable numbers, with an application to the Entscheidungsproblem},
  author={Turing, Alan M},
  journal={Proceedings of the London mathematical society},
  volume={2},
  number={1},
  pages={230--265},
  year={1937},
  publisher={Wiley Online Library}
}

@book{hofstadter1980godel,
  title={G{\"o}del, Escher, Bach},
  author={Hofstadter, Douglas R},
  year={1980},
  publisher={Vintage Books New York}
}

@ARTICLE{2004quant.ph..5098A,
   author = {{Aharonov}, D. and {van Dam}, W. and {Kempe}, J. and {Landau}, Z. and
  {Lloyd}, S. and {Regev}, O.},
    title = "{Adiabatic Quantum Computation is Equivalent to Standard Quantum Computation}",
  journal = {eprint arXiv:quant-ph/0405098},
   eprint = {quant-ph/0405098},
 keywords = {Quantum Physics},
     year = 2004,
    month = may,
   adsurl = {http://adsabs.harvard.edu/abs/2004quant.ph..5098A},
  adsnote = {Provided by the SAO/NASA Astrophysics Data System}
}


@ARTICLE{2000quant.ph..1106F,
   author = {{Farhi}, E. and {Goldstone}, J. and {Gutmann}, S. and {Sipser}, M.
  },
    title = "{Quantum Computation by Adiabatic Evolution}",
  journal = {eprint arXiv:quant-ph/0001106},
   eprint = {quant-ph/0001106},
 keywords = {Quantum Physics},
     year = 2000,
    month = jan,
   adsurl = {http://adsabs.harvard.edu/abs/2000quant.ph..1106F},
  adsnote = {Provided by the SAO/NASA Astrophysics Data System}
}


@article{epstein2012adiabatic,
  title={Adiabatic quantum computing: An overview},
  author={Epstein, Charles},
  journal={Quantum Complexity Theory},
  volume={6},
  number={845},
  pages={26},
  year={2012},
  publisher={Citeseer}
}

@ARTICLE{2009arXiv0909.4766F,
   author = {{Farhi}, E. and {Goldstone}, J. and {Gosset}, D. and {Gutmann}, S. and
  {Meyer}, H.~B. and {Shor}, P.},
    title = "{Quantum Adiabatic Algorithms, Small Gaps, and Different Paths}",
  journal = {ArXiv e-prints},
archivePrefix = "arXiv",
   eprint = {0909.4766},
 primaryClass = "quant-ph",
 keywords = {Quantum Physics, Computer Science - Computational Complexity},
     year = 2009,
    month = sep,
   adsurl = {http://adsabs.harvard.edu/abs/2009arXiv0909.4766F},
  adsnote = {Provided by the SAO/NASA Astrophysics Data System}
}


@book{
        book:66477,
        title =      {Intelligent Computing Everywhere},
        author =      {Alfons Schuster},
        year={2007},
        isbn = {},
        edition = {},
        volume =    {},
    }


@ARTICLE{2002quant.ph..6003V,
   author = {{van Dam}, W. and {Mosca}, M. and {Vazirani}, U.},
    title = "{How Powerful is Adiabatic Quantum Computation?}",
  journal = {eprint arXiv:quant-ph/0206003},
   eprint = {quant-ph/0206003},
 keywords = {Quantum Physics},
     year = 2002,
    month = may,
   adsurl = {http://adsabs.harvard.edu/abs/2002quant.ph..6003V},
  adsnote = {Provided by the SAO/NASA Astrophysics Data System}
}

@article{FINNILA1994343,
title = "Quantum annealing: A new method for minimizing multidimensional functions",
journal = "Chemical Physics Letters",
volume = "219",
number = "5",
pages = "343 - 348",
year = "1994",
issn = "0009-2614",
doi = "https://doi.org/10.1016/0009-2614(94)00117-0",
url = "http://www.sciencedirect.com/science/article/pii/0009261494001170",
author = "A.B. Finnila and M.A. Gomez and C. Sebenik and C. Stenson and J.D. Doll",
abstract = "Quantum annealing is a new method for finding extrema of multidimensional functions. Based on an extension of classical, simulated annealing, this approach appears robust with respect to avoiding local minima. Further, unlike some of its predecessors, it does not require an approximation to a wavefunction. We apply the technique to the problem of finding the lowest energy configurations of Lennard-Jones clusters of up to 19 particles (roughly 105 local minima). This early success suggests that this method may complement the widely implemented technique of simulated annealing."
}

@book{book:1289398,
   title =     {Quantum Machine Learning : What Quantum Computing Means to Data Mining},
   author =    {Peter Wittek},
   publisher = {Elsevier AP, Academic Press},
   isbn =      {978-0-12-800953-6,0128009535},
   year =      {2014},
   series =    {Elsevier Insights},
   edition =   {1},
   volume =    {}}

@book{book:9621,
   title =     {Quantum Annealing and Other Optimization Methods},
   author =    {Bikas K. Chakrabarti and Arnab Das},
   publisher = {Springer-Verlag Berlin Heidelberg},
   isbn =      {9783540279877,3540279873},
   year =      {2005},
   series =    {Lecture Notes in Physics 679},
   edition =   {1},
   volume =    {}
   }


@article{aaronson2003prime,
  title={The prime facts: From Euclid to AKS},
  author={Aaronson, Scott},
  journal={Lecture Notes},
  year={2003}
}

@article{doi:10.1143/JPSJ.5.435,
author = {Kato ,Tosio},
title = {On the Adiabatic Theorem of Quantum Mechanics},
journal = {Journal of the Physical Society of Japan},
volume = {5},
number = {6},
pages = {435-439},
year = {1950},
doi = {10.1143/JPSJ.5.435},

URL = {
        https://doi.org/10.1143/JPSJ.5.435

},
eprint = {
        https://doi.org/10.1143/JPSJ.5.435

}

}

@ARTICLE{2007JMP....48j2111J,
   author = {{Jansen}, S. and {Ruskai}, M.-B. and {Seiler}, R.},
    title = "{Bounds for the adiabatic approximation with applications to quantum computation}",
  journal = {Journal of Mathematical Physics},
   eprint = {quant-ph/0603175},
 keywords = {Functional analytical methods, Quantum computation},
     year = 2007,
    month = oct,
   volume = 48,
   number = 10,
    pages = {102111-102111},
      doi = {10.1063/1.2798382},
   adsurl = {http://adsabs.harvard.edu/abs/2007JMP....48j2111J},
  adsnote = {Provided by the SAO/NASA Astrophysics Data System}
}


@article{gevrey1918nature,
  title={Sur la nature analytique des solutions des {\'e}quations aux d{\'e}riv{\'e}es partielles. Premier m{\'e}moire},
  author={Gevrey, Maurice},
  booktitle={Annales Scientifiques de l'Ecole Normale Sup{\'e}rieure},
  volume={35},
  pages={129--190},
  year={1918},
  organization={Elsevier}
}


@article{PhysRevLett.102.220401,
  title = {Consistency of the Adiabatic Theorem},
  author = {Amin, M. H. S.},
  journal = {Phys. Rev. Lett.},
  volume = {102},
  issue = {22},
  pages = {220401},
  numpages = {4},
  year = {2009},
  month = {Jun},
  publisher = {American Physical Society},
  doi = {10.1103/PhysRevLett.102.220401},
  url = {https://link.aps.org/doi/10.1103/PhysRevLett.102.220401}
}


@article{bezanson2017julia,
  title={Julia: A fresh approach to numerical computing},
  author={Bezanson, Jeff and Edelman, Alan and Karpinski, Stefan and Shah, Viral B},
  journal={SIAM review},
  volume={59},
  number={1},
  pages={65--98},
  year={2017},
  publisher={SIAM}
}

@ARTICLE{2018RvMP...90a5002A,
   author = {{Albash}, T. and {Lidar}, D.~A.},
    title = "{Adiabatic quantum computation}",
  journal = {Reviews of Modern Physics},
archivePrefix = "arXiv",
   eprint = {1611.04471},
 primaryClass = "quant-ph",
     year = 2018,
    month = jan,
   volume = 90,
   number = 1,
      eid = {015002},
    pages = {015002},
      doi = {10.1103/RevModPhys.90.015002},
   adsurl = {http://adsabs.harvard.edu/abs/2018RvMP...90a5002A},
  adsnote = {Provided by the SAO/NASA Astrophysics Data System}
}


@book{messiah1964quantum,
  title={Quantum Mechanics [Vol 1-2].},
  author={Messiah, Albert},
  year={1964}
}

@article{APOLLONI1989233,
title = "Quantum stochastic optimization",
journal = "Stochastic Processes and their Applications",
volume = "33",
number = "2",
pages = "233 - 244",
year = "1989",
issn = "0304-4149",
doi = "https://doi.org/10.1016/0304-4149(89)90040-9",
url = "http://www.sciencedirect.com/science/article/pii/0304414989900409",
author = "B. Apolloni and C. Carvalho and D. de Falco",
keywords = "combinatorial optimizationm, global minima, random walk, Schr√∂dinger Hamiltonian, potential energy, graph partitioning",
abstract = "We propose a combinatorial optimization procedure based on the physical idea of using the quantum tunnel effect to allow the search of global minima of a function of many Boolean variables to escape from poor local minima. More specifically, the function V to be minimized is viewed as the potential energy term in a Schr√∂dinger Hamiltonian H for a quantum spin 1/2 system, the kinetic energy term being the generator of a random walk tailored to the neighborhood structure associated with V The distorted random walk associated with (a suitable approximation of) the ground state eigenfunction of H defines then our approximate optimization strategy. A numerical application to the graph partitioning problem is presented."
}


@Article{Benioff1980,
author="Benioff, Paul",
title="The computer as a physical system: A microscopic quantum mechanical Hamiltonian model of computers as represented by Turing machines",
journal="Journal of Statistical Physics",
year="1980",
month="May",
day="01",
volume="22",
number="5",
pages="563--591",
abstract="In this paper a microscopic quantum mechanical model of computers as represented by Turing machines is constructed. It is shown that for each numberN and Turing machineQ there exists a HamiltonianHNQ and a class of appropriate initial states such that if c is such an initial state, then$\psi$QN(t)=exp(‚àí1H                  N                Qt)$\psi$QN(0) correctly describes at timest3,t6,‚ãØ,t3N model states that correspond to the completion of the first, second, ‚ãØ, Nth computation step ofQ. The model parameters can be adjusted so that for an arbitrary time interval$\Delta$ aroundt3,t6,‚ãØ,t3N, the ``machine'' part of$\psi$QN(t) is stationary.",
issn="1572-9613",
doi="10.1007/BF01011339",
url="https://doi.org/10.1007/BF01011339"
}

@book{arora2009computational,
  title={Computational complexity: a modern approach},
  author={Arora, Sanjeev and Barak, Boaz},
  year={2009},
  publisher={Cambridge University Press}
}

@book{shoup2009computational,
  title={A computational introduction to number theory and algebra},
  author={Shoup, Victor},
  year={2009},
  publisher={Cambridge university press}
}

@article{eastin2004q,
  title={Q-circuit tutorial},
  author={Eastin, Bryan and Flammia, Steven T},
  journal={arXiv preprint quant-ph/0406003},
  year={2004}
}

@ARTICLE{2018arXiv180802781K,
   author = {{Kieu}, T.~D.},
    title = "{A Factorisation Algorithm in Adiabatic Quantum Computation}",
  journal = {ArXiv e-prints},
archivePrefix = "arXiv",
   eprint = {1808.02781},
 primaryClass = "quant-ph",
 keywords = {Quantum Physics},
     year = {2018},
    month = aug,
   adsurl = {http://adsabs.harvard.edu/abs/2018arXiv180802781K},
  adsnote = {Provided by the SAO/NASA Astrophysics Data System}
}


@BOOK{1991inop.book.....H,
   author = {{Heavens}, O.~S. and {Ditchburn}, R.~W.},
    title = "{Insight into optics.}",
booktitle = {Insight into optics., by Heavens, O.~S.; Ditchburn, R.~W..~ Wiley, Chichester (UK), 1991, 327 p., ISBN 0-471-92901-8, Price {\pound} 17.95.},
     year = {1991},
   adsurl = {http://adsabs.harvard.edu/abs/1991inop.book.....H},
  adsnote = {Provided by the SAO/NASA Astrophysics Data System}
}

article{PhysRevA.54.1034,
  title = {Efficient networks for quantum factoring},
  author = {Beckman, David and Chari, Amalavoyal N. and Devabhaktuni, Srikrishna and Preskill, John},
  journal = {Phys. Rev. A},
  volume = {54},
  issue = {2},
  pages = {1034--1063},
  numpages = {0},
  year = {1996},
  month = {Aug},
  publisher = {American Physical Society},
  doi = {10.1103/PhysRevA.54.1034},
  url = {https://link.aps.org/doi/10.1103/PhysRevA.54.1034}
}


@ARTICLE{1985RSPSA.400...97D,
   author = {{Deutsch}, D.},
    title = "{Quantum theory, the Church-Turing principle and the universal quantum computer}",
  journal = {Proceedings of the Royal Society of London Series A},
 keywords = {Computers, Quantum Theory, Self Organizing Systems, Systems Simulation, Turing Machines, Automata Theory, Mathematical Logic, Parallel Processing (Computers), Stochastic Processes},
     year = 1985,
    month = jul,
   volume = 400,
    pages = {97-117},
      doi = {10.1098/rspa.1985.0070},
   adsurl = {http://adsabs.harvard.edu/abs/1985RSPSA.400...97D},
  adsnote = {Provided by the SAO/NASA Astrophysics Data System}
}

@ARTICLE{2002quant.ph..5095B,
   author = {{Beauregard}, S.},
    title = "{Circuit for Shor's algorithm using 2n+3 qubits}",
  journal = {eprint arXiv:quant-ph/0205095},
   eprint = {quant-ph/0205095},
 keywords = {Quantum Physics},
     year = 2002,
    month = may,
   adsurl = {http://adsabs.harvard.edu/abs/2002quant.ph..5095B},
  adsnote = {Provided by the SAO/NASA Astrophysics Data System}
}


@article{10.2307/2152945,
 ISSN = {00255718, 10886842},
 URL = {http://www.jstor.org/stable/2152945},
 abstract = {Consider a procedure that chooses k-bit odd numbers independently and from the uniform distribution, subjects each number to t independent iterations of the strong probable prime test (Miller-Rabin test) with randomly chosen bases, and outputs the first number found that passes all t tests. Let p<sub>k, t</sub> denote the probability that this procedure returns a composite number. We obtain numerical upper bounds for p<sub>k, t</sub> for various choices of k, t and obtain clean explicit functions that bound p<sub>k, t</sub> for certain infinite classes of k, t. For example, we show p<sub>100, 10</sub> ‚â§ 2<sup>-44</sup>, p<sub>300, 5</sub> ‚â§ 2<sup>-60</sup>, p<sub>600, 1</sub> ‚â§ 2<sup>-75</sup>, and <tex-math>$p_{k, 1} \leq k^2 4^{2 - \sqrt k}$</tex-math> for all <tex-math>$k \qeq 2$</tex-math>. In addition, we characterize the worst-case numbers with unusually many "false witnesses" and give an upper bound on their distribution that is probably close to best possible.},
 author = {Ivan Damg√•rd and Peter Landrock and Carl Pomerance},
 journal = {Mathematics of Computation},
 number = {203},
 pages = {177--194},
 publisher = {American Mathematical Society},
 title = {Average Case Error Estimates for the Strong Probable Prime Test},
 volume = {61},
 year = {1993}
}

@article{LEE201892,
title = "Rigorous analysis of a randomised number field sieve",
journal = "Journal of Number Theory",
volume = "187",
pages = "92 - 159",
year = "2018",
issn = "0022-314X",
doi = "https://doi.org/10.1016/j.jnt.2017.10.019",
url = "http://www.sciencedirect.com/science/article/pii/S0022314X17304110",
author = "Jonathan D. Lee and Ramarathnam Venkatesan",
keywords = "Factoring, Probabilistic combinatorics, Additive number theory"
}


@Article{zbMATH02157791,
    Author = {Manindra {Agrawal} and Neeraj {Kayal} and Nitin {Saxena}},
    Title = {{PRIMES is in P.}},
    FJournal = {{Annals of Mathematics. Second Series}},
    Journal = {{Ann. Math. (2)}},
    ISSN = {0003-486X; 1939-8980/e},
    Volume = {160},
    Number = {2},
    Pages = {781--793},
    Year = {2004},
    Publisher = {Princeton University, Mathematics Department, Princeton, NJ; Mathematical Sciences Publishers (MSP), Berkeley, CA},
    Language = {English},
    DOI = {10.4007/annals.2004.160.781},
    MSC2010 = {11Y11 11Y16 68Q25 68Q15 11A51},
    Zbl = {1071.11070}
}

ARTICLE{1996quant.ph..5043G,
   author = {{Grover}, L.~K.},
    title = "{A fast quantum mechanical algorithm for database search}",
  journal = {eprint arXiv:quant-ph/9605043},
   eprint = {quant-ph/9605043},
 keywords = {Quantum Physics},
     year = 1996,
    month = may,
   adsurl = {http://adsabs.harvard.edu/abs/1996quant.ph..5043G},
  adsnote = {Provided by the SAO/NASA Astrophysics Data System}
}

inproceedings{jao2011towards,
  title={Towards quantum-resistant cryptosystems from supersingular elliptic curve isogenies},
  author={Jao, David and De Feo, Luca},
  booktitle={International Workshop on Post-Quantum Cryptography},
  pages={19--34},
  year={2011},
  organization={Springer}
}

@misc{cryptoeprint:2016:963,
    author = {Craig Costello and David Jao and Patrick Longa and Michael Naehrig and Joost Renes and David Urbanik},
    title = {Efficient compression of SIDH public keys},
    howpublished = {Cryptology ePrint Archive, Report 2016/963},
    year = {2016},
    note = {\url{https://eprint.iacr.org/2016/963}},
}


incollection{bernstein2011post,
  title={Post-quantum cryptography},
  author={Bernstein, Daniel J},
  booktitle={Encyclopedia of Cryptography and Security},
  pages={949--950},
  year={2011},
  publisher={Springer}
}


@misc{nielsen2002quantum,
  title={Quantum computation and quantum information},
  author={Nielsen, Michael A and Chuang, Isaac},
  year={2002},
  publisher={AAPT}
}

@book{von2018mathematical,
  title={Mathematical Foundations of Quantum Mechanics: New Edition},
  author={Von Neumann, John},
  year={2018},
  publisher={Princeton university press}
}

ARTICLE{2015arXiv151204965G,
   author = {{Grassl}, M. and {Langenberg}, B. and {Roetteler}, M. and {Steinwandt}, R.
  },
    title = "{Applying Grover's algorithm to AES: quantum resource estimates}",
  journal = {ArXiv e-prints},
archivePrefix = "arXiv",
   eprint = {1512.04965},
 primaryClass = "quant-ph",
 keywords = {Quantum Physics, Computer Science - Cryptography and Security, Computer Science - Emerging Technologies},
     year = 2015,
    month = dec,
   adsurl = {http://adsabs.harvard.edu/abs/2015arXiv151204965G},
  adsnote = {Provided by the SAO/NASA Astrophysics Data System}
}


@article{MILLER1976300,
title = "Riemann's hypothesis and tests for primality",
journal = "Journal of Computer and System Sciences",
volume = "13",
number = "3",
pages = "300 - 317",
year = {1976},
issn = "0022-0000",
doi = "https://doi.org/10.1016/S0022-0000(76)80043-8",
url = "http://www.sciencedirect.com/science/article/pii/S0022000076800438",
author = "Gary L. Miller"
}

@book{preskill,
	title="{Lecture Notes: Quantum Information and Computation}",
	author={Preskill, John},
	year={1998},
	publisher={California Institute of Technology}
}

@book{hardy1979introduction,
  title={An introduction to the theory of numbers},
  author={Hardy, Godfrey Harold and Wright, Edward Maitland and others},
  year={1979},
  publisher={Oxford university press}
}

@article{feynman1982simulating,
  title={Simulating physics with computers},
  author={Feynman, Richard P},
  journal={International journal of theoretical physics},
  volume={21},
  number={6-7},
  pages={467--488},
  year={1982},
  publisher={Springer}
}

@ARTICLE{2000Natur.404..164K,
   author = {{Kumar Pati}, A. and {Braunstein}, S.~L.},
    title = "{Impossibility of deleting an unknown quantum state}",
  journal = {Nature},
   eprint = {quant-ph/9911090},
     year = 2000,
    month = mar,
   volume = 404,
    pages = {164-165},
      doi = {10.1038/35004532},
   adsurl = {http://adsabs.harvard.edu/abs/2000Natur.404..164K},
  adsnote = {Provided by the SAO/NASA Astrophysics Data System}
}

@book{
        book:1483831,
        resid = {1483831},
        status =    {OK},
        title =      {Introducci√≥n a la mec√°nica cu√°ntica},
        author =      {de la Pe√±a, Luis},
        isbn = {},
        edition = {},
        volume =    {},
        url =       {},
        year={2006}
    }


@ARTICLE{2005AmJPh..73..521G,
   author = {{Gerjuoy}, E.},
    title = "{Shor's factoring algorithm and modern cryptography. An illustration of the capabilities inherent in quantum computers}",
  journal = {American Journal of Physics},
   eprint = {quant-ph/0411184},
 keywords = {Education},
     year = {2005},
    month = jun,
   volume = 73,
    pages = {521-540},
      doi = {10.1119/1.1891170},
   adsurl = {http://adsabs.harvard.edu/abs/2005AmJPh..73..521G},
  adsnote = {Provided by the SAO/NASA Astrophysics Data System}
}

@article{shor,
	title="{Shor‚Äôs Algorithm and the Quantum Fourier Transform}",
	author={Xi Lin, Fang},
	publisher={McGill University},
	year={1995}
}

@misc{aaronson2005complexity,
  title={The complexity zoo},
  author={Aaronson, Scott and Kuperberg, Greg and Granade, Christopher},
  year={2005}
}

@article{Peres:2002wx,
      author         = "Peres, Asher and Terno, Daniel R.",
      title          = "{Quantum information and relativity theory}",
      journal        = "Rev. Mod. Phys.",
      volume         = "76",
      year           = "2004",
      pages          = "93-123",
      doi            = "10.1103/RevModPhys.76.93",
      eprint         = "quant-ph/0212023",
      archivePrefix  = "arXiv",
      primaryClass   = "quant-ph",
      SLACcitation   = "%%CITATION = QUANT-PH/0212023;%%"
}

@book{deutsch1998fabric,
  title={The fabric of reality},
  author={Deutsch, David},
  year={1998},
  publisher={Penguin UK}
}

@article{10.2307/2003354,
 ISSN = {00255718, 10886842},
 URL = {http://www.jstor.org/stable/2003354},
 author = {James W. Cooley and John W. Tukey},
 journal = {Mathematics of Computation},
 number = {90},
 pages = {297--301},
 publisher = {American Mathematical Society},
 title = {An Algorithm for the Machine Calculation of Complex Fourier Series},
 volume = {19},
 year = {1965}
}


@book{book:929225,
   title =     {Quantum Computing since Democritus},
   author =    {Scott Aaronson},
   publisher = {Cambridge University Press},
   isbn =      {0521199565,9780521199568},
   year =      {2013},
   series =    {},
   edition =   {},
   volume =    {}
}

@article{article,
author = {K. Wootters, W and H. Zurek, W},
year = {1982},
month = {10},
pages = {802},
title = {A Single Quantum Cannot be Cloned},
volume = {299},
booktitle = {Nature}
}

@book{dewitt2015many,
  title={The many worlds interpretation of quantum mechanics},
  author={DeWitt, Bryce Seligman and Graham, Neill},
  year={2015},
  publisher={Princeton University Press}
}

@ARTICLE{2012arXiv1207.0511P,
   author = {{Pavlidis}, A. and {Gizopoulos}, D.},
    title = "{Fast Quantum Modular Exponentiation Architecture for Shor's Factorization Algorithm}",
  journal = {ArXiv e-prints},
archivePrefix = "arXiv",
   eprint = {1207.0511},
 primaryClass = "quant-ph",
 keywords = {Quantum Physics},
     year = 2012,
    month = jul,
   adsurl = {http://adsabs.harvard.edu/abs/2012arXiv1207.0511P},
  adsnote = {Provided by the SAO/NASA Astrophysics Data System}
}


@book{CuanticaI,
  title={F√≠sica Cu√°ntica I},
  author={Garc√≠a Gonz√°lez, Pablo and Alvarellos Bermejo, Jos√© Enrique and Garc√≠a Sanz, Jos√© Javier},
  year={2012},
  publisher={Editorial UNED}
}

@book{gallian2012contemporary,
  title={Contemporary abstract algebra},
  author={Gallian, Joseph},
  year={2012},
  publisher={Nelson Education}
}

@inproceedings{tal2017tight,
  title={Tight bounds on the Fourier spectrum of AC0},
  author={Tal, Avishay},
  booktitle={LIPIcs-Leibniz International Proceedings in Informatics},
  volume={79},
  year={2017},
  organization={Schloss Dagstuhl-Leibniz-Zentrum fuer Informatik}
}

@book{QuantumRyan,
  title={Quantum Computation and Information. Lecture 23: Introduction to Quantum Complexity Theory},
  author={Ryan O'Donnell, John Wright},
  year={2015},
  publisher={Carnegie Mellon University}
}

@book{QuantumWhaley,
  title={Phys191: Qubits, Quantum Mechanics, and Computers. No Cloning, Teleportation},
  author={Birgitta Whaley},
  year={2005},
  publisher={Berkeley Univesity},
  url={https://inst.eecs.berkeley.edu/~cs191/fa05/lectures/lecture6_fa05.pdf}
}

@book{pomerance2005prime,
  title={Prime Numbers: A Computational Perspective},
  author={Pomerance, R.C.C. and Crandall, R. and Pomerance, C.},
  isbn={9780387252827},
  lccn={2005923504},
  series={Lecture notes in statistics},
  url={https://books.google.es/books?id=RbEz-\_D7sAUC},
  year={2005},
  publisher={Springer}
}

@book{Zwickboolean,
  title={Concrete Complexity: Lecture notes.},
  volume={3},
  author={Zwick, Uri},
  year={1996},
  publisher={Tel Aviv University},
  url={http://www.cs.tau.ac.il/~zwick/circ-comp-new/two.ps}
}

@article{adleman1997quantum,
  title={Quantum computability},
  author={Adleman, Leonard M and DeMarrais, Jonathan and Huang, Ming-Deh A},
  journal={SIAM Journal on Computing},
  volume={26},
  number={5},
  pages={1524--1540},
  year={1997},
  publisher={SIAM}
}

@article{doi:10.1137/S0097539796300921,
author = {Bernstein, E. and Vazirani, U.},
title = {Quantum Complexity Theory},
journal = {SIAM Journal on Computing},
volume = {26},
number = {5},
pages = {1411-1473},
year = {1997},
doi = {10.1137/S0097539796300921},

URL = {
        https://doi.org/10.1137/S0097539796300921

},
eprint = {
        https://doi.org/10.1137/S0097539796300921

}

}

@book{StatisticsWainw,
  title={Mathematical Statistics},
  author={Wainwright, Martin},
  year={2015},
  URL= {https://www.stat.berkeley.edu/~mjwain/stat210b/Chap2_TailBounds_Jan22_2015.pdf}
}



@ARTICLE{2011arXiv1107.2309V,
   author = {{Vignat}, C.},
    title = "{A generalized Isserlis theorem for location mixtures of Gaussian random vectors}",
  journal = {ArXiv e-prints},
archivePrefix = "arXiv",
   eprint = {1107.2309},
 primaryClass = "math.PR",
 keywords = {Mathematics - Probability},
     year = {2011},
    month = jul,
   adsurl = {http://adsabs.harvard.edu/abs/2011arXiv1107.2309V},
  adsnote = {Provided by the SAO/NASA Astrophysics Data System}
}


@article{teschl1998topics,
  title={Topics in real and functional analysis},
  author={Teschl, Gerald},
  journal={unpublished, available online at http://www. mat. univie. ac. at/\~{} gerald},
  year={1998}
}

@book{irving2003integers,
  title={Integers, polynomials, and rings: a course in algebra},
  author={Irving, Ronald S},
  year={2003},
  publisher={Springer Science \& Business Media}
}

@book{brent2010modern,
  title={Modern computer arithmetic},
  author={Brent, Richard P and Zimmermann, Paul},
  volume={18},
  year={2010},
  publisher={Cambridge University Press}
}


@book{papadimitriou2003computational,
  title={Computational complexity},
  author={Papadimitriou, Christos H},
  year={2003},
  publisher={John Wiley and Sons Ltd.}
}

@book{rosen2003discrete,
  title={Discrete Mathematics and Its Applications},
  author={Rosen, K.H.},
  isbn={9780072424348},
  lccn={2002070890},
  series={McGraw-Hill higher education},
  url={https://books.google.es/books?id=2ue3PwAACAAJ},
  year={2003},
  publisher={McGraw-Hill}
}

@article{Montgomery,
 ISSN = {00255718, 10886842},
 URL = {http://www.jstor.org/stable/2007970},
 abstract = {Let $N > 1$. We present a method for multiplying two integers (called $N$-residues) modulo $N$ while avoiding division by $N. N$-residues are represented in a nonstandard way, so this method is useful only if several computations are done modulo one $N$. The addition and subtraction algorithms are unchanged.},
 author = {Peter L. Montgomery},
 journal = {Mathematics of Computation},
 number = {170},
 pages = {519--521},
 publisher = {American Mathematical Society},
 title = {Modular Multiplication Without Trial Division},
 volume = {44},
 year = {1985}
}


@ARTICLE{1995quant.ph..8027S,
   author = {{Shor}, P.~W.},
    title = "{Polynomial-Time Algorithms for Prime Factorization and Discrete Logarithms on a Quantum Computer}",
  journal = {eprint arXiv:quant-ph/9508027},
   eprint = {quant-ph/9508027},
 keywords = {Quantum Physics},
     year = {1995},
    month = aug,
   adsurl = {http://adsabs.harvard.edu/abs/1995quant.ph..8027S},
  adsnote = {Provided by the SAO/NASA Astrophysics Data System}
}

@ARTICLE{2004cs........9051T,
   author = {{Tusarova}, T.},
    title = "{Quantum Complexity Classes}",
  journal = {eprint arXiv:cs/0409051},
   eprint = {cs/0409051},
 keywords = {Computer Science - Computational Complexity, Quantum Physics},
     year = {2004},
    month = sep,
   adsurl = {http://adsabs.harvard.edu/abs/2004cs........9051T},
  adsnote = {Provided by the SAO/NASA Astrophysics Data System}
}

@article{giannozzi2013numerical,
  title={Numerical methods in quantum mechanics},
  author={Giannozzi, Paolo and Ercolessi, F and de Gironcoli, S},
  journal={University of Udine},
  year={2013}
}

@ARTICLE{2004quant.ph..6210D,
   author = {{De Raedt}, H. and {Michielsen}, K.},
    title = "{Computational Methods for Simulating Quantum Computers}",
  journal = {eprint arXiv:quant-ph/0406210},
   eprint = {quant-ph/0406210},
 keywords = {Quantum Physics},
     year = 2004,
    month = jun,
   adsurl = {http://adsabs.harvard.edu/abs/2004quant.ph..6210D},
  adsnote = {Provided by the SAO/NASA Astrophysics Data System}
}


@ARTICLE{2008AmJPh..76..657B,
   author = {{Benenti}, G. and {Strini}, G.},
    title = "{Quantum simulation of the single-particle Schr{\"o}dinger equation}",
  journal = {American Journal of Physics},
archivePrefix = "arXiv",
   eprint = {0709.1704},
 primaryClass = "quant-ph",
 keywords = {Quantum mechanics},
     year = 2008,
    month = jul,
   volume = 76,
    pages = {657-662},
      doi = {10.1119/1.2894532},
   adsurl = {http://adsabs.harvard.edu/abs/2008AmJPh..76..657B},
  adsnote = {Provided by the SAO/NASA Astrophysics Data System}
}


@article{knuth1968art,
  title={The art of computer programming 1: Fundamental algorithms},
  author={Knuth, D},
  journal={MA: Addison-Wesley},
  volume={30},
  year={1968}
}

@article{knuth1968art2,
  title={The art of computer programming 2: Seminumerical Algorithms},
  author={Knuth, D},
  journal={MA: Addison-Wesley},
  year={1968}
}

@book{sipser2006introduction,
  title={Introduction to the Theory of Computation},
  author={Sipser, Michael},
  year={2006},
  publisher={Thomson Course Technology Boston}
}

@ARTICLE{1995PhRvA..52.3457B,
   author = {{Barenco}, A. and {Bennett}, C.H. and {Cleve}, R. and {Divincenzo}, D.P. and
	{Margolus}, N. and {Shor}, P. and {Sleator}, T. and {Smolin}, J.A. and
	{Weinfurter}, H.},
    title = "{Elementary gates for quantum computation}",
   eprint = {quant-ph/9503016},
 keywords = {Formalism, Computer systems: hardware operating systems computer languages and utilities},
     year = {1995},
    month = nov,
   volume = 52,
    pages = {3457-3467},
      doi = {10.1103/PhysRevA.52.3457},
   adsurl = {http://adsabs.harvard.edu/abs/1995PhRvA..52.3457B},
  adsnote = {Provided by the SAO/NASA Astrophysics Data System}
}

@phdthesis{de1924recherches,
  title={Recherches sur la th{\'e}orie des quanta},
  author={De Broglie, Louis},
  year={1924},
  school={Migration-universit{\'e} en cours d'affectation}
}

@article{davisson1927diffraction,
  title={Diffraction of electrons by a crystal of nickel},
  author={Davisson, Clinton and Germer, Lester H},
  journal={Physical review},
  volume={30},
  number={6},
  pages={705},
  year={1927},
  publisher={APS}
}

@article{einstein1935can,
  title={Can quantum-mechanical description of physical reality be considered complete?},
  author={Einstein, Albert and Podolsky, Boris and Rosen, Nathan},
  journal={Physical review},
  volume={47},
  number={10},
  pages={777},
  year={1935},
  publisher={APS}
}

@ARTICLE{2002quant.ph..5115S,
   author = {{Shi}, Y.},
    title = "{Both Toffoli and Controlled-NOT need little help to do universal quantum computation}",
  journal = {eprint arXiv:quant-ph/0205115},
   eprint = {quant-ph/0205115},
 keywords = {Quantum Physics},
     year = {2002},
    month = may,
   adsurl = {http://adsabs.harvard.edu/abs/2002quant.ph..5115S},
  adsnote = {Provided by the SAO/NASA Astrophysics Data System}
}

@incollection{brylinski2002universal,
  title={Universal quantum gates},
  author={Brylinski, Jean-Luc and Brylinski, Ranee},
  booktitle={Mathematics of Quantum Computation},
  pages={117--134},
  year={2002},
  publisher={Chapman and Hall/CRC}
}

@ARTICLE{2003quant.ph..1040A,
   author = {{Aharonov}, D.},
    title = "{A Simple Proof that Toffoli and Hadamard are Quantum Universal}",
  journal = {eprint arXiv:quant-ph/0301040},
   eprint = {quant-ph/0301040},
 keywords = {Quantum Physics},
     year = {2003},
    month = jan,
   adsurl = {http://adsabs.harvard.edu/abs/2003quant.ph..1040A},
  adsnote = {Provided by the SAO/NASA Astrophysics Data System}
}
@phdthesis{hogarth1996predictability,
  title={Predictability, computability, and spacetime},
  author={Hogarth, Mark},
  year={1996},
  school={University of Cambridge}
}

@ARTICLE{2009RSPSA.465..631A,
   author = {{Aaronson}, S. and {Watrous}, J.},
    title = "{Closed timelike curves make quantum and classical computing equivalent}",
  journal = {Proceedings of the Royal Society of London Series A},
archivePrefix = "arXiv",
   eprint = {0808.2669},
 primaryClass = "quant-ph",
     year = 2009,
    month = feb,
   volume = 465,
    pages = {631-647},
      doi = {10.1098/rspa.2008.0350},
   adsurl = {http://adsabs.harvard.edu/abs/2009RSPSA.465..631A},
  adsnote = {Provided by the SAO/NASA Astrophysics Data System}
}

@article{0036-0279-52-6-R02,
  author={A Yu Kitaev},
  title={Quantum computations: algorithms and error correction},
  journal={Russian Mathematical Surveys},
  volume={52},
  number={6},
  pages={1191},
  url={http://stacks.iop.org/0036-0279/52/i=6/a=R02},
  year={1997},
  abstract={Contents ¬ß0. Introduction ¬ß1. Abelian problem on the stabilizer ¬ß2. Classical models of computations 2.1. Boolean schemes and sequences of operations 2.2. Reversible computations ¬ß3. Quantum formalism 3.1. Basic notions and notation 3.2. Transformations of mixed states 3.3. Accuracy ¬ß4. Quantum models of computations 4.1. Definitions and basic properties 4.2. Construction of various operators from the elements of a basis 4.3. Generalized quantum control and universal schemes ¬ß5. Measurement operators ¬ß6. Polynomial quantum algorithm for the stabilizer problem ¬ß7. Computations with perturbations: the choice of a model ¬ß8. Quantum codes (definitions and general properties) 8.1. Basic notions and ideas 8.2. One-to-one codes 8.3. Many-to-one codes ¬ß9. Symplectic (additive) codes 9.1. Algebraic preparation 9.2. The basic construction 9.3. Error correction procedure 9.4. Torus codes ¬ß10. Error correction in the computation process: general principles 10.1. Definitions and results 10.2. Proofs ¬ß11. Error correction: concrete procedures 11.1. The symplecto-classical case 11.2. The case of a complete basis Bibliography}
}

@ARTICLE{2001quant.ph..1077T,
   author = {{Tegmark}, M. and {Wheeler}, J.~A.},
    title = "{100 Years of the Quantum}",
  journal = {eprint arXiv:quant-ph/0101077},
   eprint = {quant-ph/0101077},
 keywords = {Quantum Physics, High Energy Physics - Theory, Physics - Popular Physics},
     year = 2001,
    month = jan,
   adsurl = {http://adsabs.harvard.edu/abs/2001quant.ph..1077T},
  adsnote = {Provided by the SAO/NASA Astrophysics Data System}
}

@misc{Warren2014,
  author = {Warren Weckesser},
  title = {Complex Integration Wrapper: odeintw},
  year = {2014},
  publisher = {GitHub},
  journal = {GitHub repository},
  howpublished = {\url{https://github.com/WarrenWeckesser/odeintw}},
  commit = {ae8657fa249907b01260d8a7b811c0790559d07a}
}

@ARTICLE{2008PhLA..372.6847S,
   author = {{Simon}, R. and {Mukunda}, N. and {Chaturvedi}, S. and {Srinivasan}, V.
  },
    title = "{Two elementary proofs of the Wigner theorem on symmetry in quantum mechanics}",
  journal = {Physics Letters A},
archivePrefix = "arXiv",
   eprint = {0808.0779},
 primaryClass = "quant-ph",
 keywords = {Symmetry and conservation laws, Algebraic methods},
     year = 2008,
    month = nov,
   volume = 372,
    pages = {6847-6852},
      doi = {10.1016/j.physleta.2008.09.052},
   adsurl = {http://adsabs.harvard.edu/abs/2008PhLA..372.6847S},
  adsnote = {Provided by the SAO/NASA Astrophysics Data System}
}




@ARTICLE{2009arXiv0910.4698A,
   author = {{Aaronson}, S.},
    title = "{BQP and the Polynomial Hierarchy}",
  journal = {ArXiv e-prints},
archivePrefix = "arXiv",
   eprint = {0910.4698},
 primaryClass = "quant-ph",
 keywords = {Quantum Physics, Computer Science - Computational Complexity},
     year = 2009,
    month = oct,
   adsurl = {http://adsabs.harvard.edu/abs/2009arXiv0910.4698A},
  adsnote = {Provided by the SAO/NASA Astrophysics Data System}
}

@book{berkleyLect,
  author={Umesh V. Vazirani},
  title="{BerkeleyX: CS191x Lecture Notes, Chapter 5}",
  publisher={University of California, Berkeley},
  year={2013}

}

@article{FORTNOW1999240,
title = "Complexity Limitations on Quantum Computation",
journal = "Journal of Computer and System Sciences",
volume = "59",
number = "2",
pages = "240 - 252",
year = "1999",
issn = "0022-0000",
doi = "https://doi.org/10.1006/jcss.1999.1651",
url = "http://www.sciencedirect.com/science/article/pii/S0022000099916513",
author = "Lance Fortnow and John Rogers",
abstract = "We use the powerful tools of counting complexity and generic oracles to help understand the limitations of the complexity of quantum computation. We show several results for the probabilistic quantum class BQP:BQP is low for PP, i.e., PPBQP=PP; There exists a relativized, world, where P=BQP and the polynomial-time hierarchy is infinite; There exists a relativized world, where BQP does not have complete sets; There exists a relativized world, where P=BQP, but P‚â†UP‚à©coUP and one-way functions exist. This gives a relativized answer to an open question of Simon."
}

@book{reif1996fisica,
  title={F{\'\i}sica estad{\'\i}stica},
  author={Reif, Frederick},
  volume={5},
  year={1996},
  publisher={Revert{\'e}}
}

@ARTICLE{raz2018oracle,
  title="{Oracle Separation of BQP and PH.}",
  author={Raz, Ran and Tal, Avishay},
  booktitle={Electronic Colloquium on Computational Complexity (ECCC)},
  volume={25},
  pages={107},
  year={2018}
}

@ARTICLE{2003quant.ph..1141P,
   author = {{Proos}, J. and {Zalka}, C.},
    title = "{Shor's discrete logarithm quantum algorithm for elliptic curves}",
  journal = {eprint arXiv:quant-ph/0301141},
   eprint = {quant-ph/0301141},
 keywords = {Quantum Physics},
     year = 2003,
    month = jan,
   adsurl = {http://adsabs.harvard.edu/abs/2003quant.ph..1141P},
  adsnote = {Provided by the SAO/NASA Astrophysics Data System}
}


